@article{yang2022estimating,
  title={Estimating the Economic Effects of the Early Covid-19 Emergency Response in Cities Using Intracity Travel Intensity Data},
  author={Yang, Lijiao and Wei, Caiyun and Jiang, Xinyu and Ye, Qian and Tatano, Hirokazu},
  journal={International Journal of Disaster Risk Science},
  volume={13},
  number={1},
  pages={125--138},
  year={2022},
  publisher={Springer}
}
@article{stl,
  title={STL: A seasonal-trend decomposition},
  author={Cleveland, Robert B and Cleveland, William S and McRae, Jean E and Terpenning, Irma},
  journal={J. Off. Stat},
  volume={6},
  number={1},
  pages={3--73},
  year={1990}
}
@book{Rob,
  author         = {Rob J Hyndman and George Athanasopoulos},
  editor         = {},
  publisher      = {},
  title          = {For further information on Stationarity and Differencing see},
  year           = {}
}